<record><leader>00000cas a2200000 a 4500</leader><controlfield tag="001">35120274</controlfield><controlfield tag="008">960722d19uu19uunbuwr ne      0    0cze d</controlfield><datafield ind1=" " ind2=" " tag="010"><subfield code="a">sn 96080320 </subfield></datafield><datafield ind1=" " ind2=" " tag="040"><subfield code="a">NVG</subfield><subfield code="b">eng</subfield><subfield code="c">NVG</subfield><subfield code="d">OCL</subfield><subfield code="d">OCLCQ</subfield><subfield code="d">OCLCF</subfield><subfield code="d">OCLCO</subfield></datafield><datafield ind1="1" ind2=" " tag="029"><subfield code="a">AU@</subfield><subfield code="b">000022177054</subfield></datafield><datafield ind1=" " ind2=" " tag="042"><subfield code="a">msc</subfield></datafield><datafield ind1=" " ind2=" " tag="043"><subfield code="a">n-us---</subfield></datafield><datafield ind1="0" ind2="0" tag="245"><subfield code="a">Dakotsky&#769; pokrok.</subfield></datafield><datafield ind1=" " ind2=" " tag="260"><subfield code="a">Tyndall, S.D. ;</subfield><subfield code="a">Omaha, Neb. :</subfield><subfield code="b">Pokrok Pub. Co.</subfield></datafield><datafield ind1=" " ind2=" " tag="300"><subfield code="a">v.</subfield></datafield><datafield ind1=" " ind2=" " tag="310"><subfield code="a">Weekly</subfield></datafield><datafield ind1=" " ind2=" " tag="546"><subfield code="a">In Czech.</subfield></datafield><datafield ind1=" " ind2=" " tag="580"><subfield code="a">Local ed. of: Pokrok za&#769;padu.</subfield></datafield><datafield ind1=" " ind2=" " tag="588"><subfield code="a">Description based on: Roc&#780;. 2, c&#780;is. 40 (pros. 19, 1907).</subfield></datafield><datafield ind1=" " ind2="0" tag="650"><subfield code="a">Czech Americans</subfield><subfield code="v">Newspapers.</subfield></datafield><datafield ind1=" " ind2="0" tag="650"><subfield code="a">Czech American newspapers.</subfield></datafield><datafield ind1=" " ind2="7" tag="655"><subfield code="a">Newspapers.</subfield><subfield code="2">fast</subfield><subfield code="0">(OCoLC)fst01423814</subfield></datafield><datafield ind1=" " ind2="7" tag="650"><subfield code="a">Czech-American newspapers.</subfield><subfield code="2">fast</subfield><subfield code="0">(OCoLC)fst00886452</subfield></datafield><datafield ind1=" " ind2="7" tag="650"><subfield code="a">Czech Americans.</subfield><subfield code="2">fast</subfield><subfield code="0">(OCoLC)fst00886333</subfield></datafield><datafield ind1=" " ind2=" " tag="752"><subfield code="a">United States</subfield><subfield code="b">South Dakota</subfield><subfield code="c">Bon Homme</subfield><subfield code="d">Tyndall.</subfield></datafield><datafield ind1=" " ind2=" " tag="752"><subfield code="a">United States</subfield><subfield code="b">Nebraska</subfield><subfield code="c">Douglas</subfield><subfield code="d">Omaha.</subfield></datafield><datafield ind1="1" ind2=" " tag="775"><subfield code="t">Pokrok za&#769;padu</subfield><subfield code="w">(DLC)sn 83045348</subfield></datafield></record>